@article{goldberg2017one,
  title={One among many: Anaphoric one and its relationship with numeral one},
  author={Goldberg, Adele E and Michaelis, Laura A},
  journal={Cognitive Science},
  volume={41},
  pages={233--258},
  year={2017},
  publisher={Wiley Online Library}
}


@article{ebeling1994children,
  title={Children's use of context in interpreting “big” and “little”},
  author={Ebeling, Karen S and Gelman, Susan A},
  journal={Child Development},
  volume={65},
  number={4},
  pages={1178--1192},
  year={1994},
  publisher={Wiley Online Library}
}

@article{Mintz2002,
author = {Mintz, Toben H. and Gleitman, Lila R.},
doi = {10.1016/S0010-0277(02)00047-1},
isbn = {0010-0277},
issn = {00100277},
journal = {Cognition},
keywords = {Adjectives,Language acquisition,Nouns,Pronouns,Taxonomy,Toddlers},
mendeley-groups = {To read,acquisition},
number = {3},
pages = {267--293},
pmid = {12044736},
title = {{Adjectives really do modify nouns: The incremental and restricted nature of early adjective acquisition}},
volume = {84},
year = {2002}
}


@inproceedings{graf2016animal,
  title={Animal, dog, or dalmatian? Level of abstraction in nominal referring expressions.},
  author={Graf, Caroline and Degen, Judith and Hawkins, Robert XD and Goodman, Noah D},
  booktitle={38th Annual Meeting of the Cognitive Science Society},
  year={2016}
}

@inproceedings{tessler2017warm,
  title={Warm (for winter): Comparison class understanding in vague language},
  author={Tessler, Michael Henry and Lopez-Brau, Michael and Goodman, Noah D},
  booktitle={39th Annual Meeting of the Cognitive Science Society},
  year={2017}
}

@article{jacobs2001dimensions,
  title={The dimensions of topic-comment},
  author={Jacobs, Joachim},
  journal={Linguistics},
  volume={39},
  number={4; ISSU 374},
  pages={641--682},
  year={2001},
  publisher={WALTER DE GRUYTER \& CO.}
}

@article{krifka2008basic,
  title={Basic notions of information structure},
  author={Krifka, Manfred},
  journal={Acta Linguistica Hungarica},
  volume={55},
  number={3-4},
  pages={243--276},
  year={2008},
  publisher={Akad{\'e}miai Kiad{\'o}}
}

@book{lambrecht1996information,
  title={Information structure and sentence form: Topic, focus, and the mental representations of discourse referents},
  author={Lambrecht, Knud},
  volume={71},
  year={1996},
  publisher={Cambridge university press}
}

@InCollection{Kamp1975,
  title={Two Theories about Adjectives},
  booktitle={Formal Semantics of Natural Language},
  editor={E. L. Keenan},
  author={Kamp, J. A. W.},
  year={1975},
  publisher={Cambridge University Press, Cambridge, England}
}

@incollection{Cresswell1976,
  title={The semantics of degree},
  author={Cresswell, Max J},
  booktitle={Montague grammar},
  pages={261--292},
  year={1976},
  publisher={Elsevier}
}

@article{Bierwisch1989,
  title={The semantics of gradation},
  author={Bierwisch, Manfred},
  journal={Dimensional adjectives},
  volume={71},
  number={261},
  pages={35},
  year={1989}
}

@article{Kennedy2007,
  title={Vagueness and grammar: The semantics of relative and absolute gradable adjectives},
  author={Kennedy, Christopher},
  journal={Linguistics and philosophy},
  volume={30},
  number={1},
  pages={1--45},
  year={2007},
  publisher={Springer}
}

@article{Bale2011,
	Abstract = {This paper evaluates three accounts of comparison classes -- sets that rel-ativize the interpretation of gradable adjectives, often specified with for -clauses as in John is smart for a linguist. The first proposes that such classes serve as an argument to a function that determines a standard of comparison. The second maintains that these classes restrict the domain of a measure function used to map entities to degrees. The third proposes that these classes limit the kind of individuals that participate in a binary relation. This relation is then used in the construction of a scale and a measure function. It is this third account that is most consistent with the empirical data. It can explain how comparison classes fix a standard of comparison, induce presuppositions concerning the comparative subjects, and induce incommensurability in comparative constructions. This empirical result for comparison classes is significant since it sug-gests that scales in the semantic system are built from and dependent on more basic relations between individuals.},
	Author = {Bale, Alan Clinton},
	Journal = {Natural Language Semantics},
	Pages = {169--190},
	Title = {{Scales and comparison classes}},
	Volume = {19},
	Year = {2011}}

@inproceedings{Solt2009,
	Abstract = {This paper investigates the role of comparison classes in the semantics of gradable adjectives in the positive form, focusing on the case where the comparison class is expressed overtly via a for -phrase (e.g. John is tall for a jockey). Two central questions are addressed: what in-formation does the comparison class provide, and how is this information integrated compositionally? It is shown that the standard of comparison invoked by the positive form can be analyzed as a range of values whose width is based on the degree of dispersion in the comparison class. Com-positionally, the comparison class can be analyzed as an argument of a null positive morpheme (contra Kennedy [13]), in parallel to recent pro-posals for the superlative (e.g. Heim [9]). The implications of the analysis for the choice between degree-and delineation-based analyses of gradable adjectives are discussed.},
	Author = {Solt, Stephanie},
	Booktitle = {International Workshop on Vagueness in Communication},
	Title = {{Notes on the Comparison Class}},
	Year = {2009}}


@InCollection{Reboul2001,
  author =	 {A. Reboul},
  title =	 {Foundations of reference and predication},
  booktitle =	 {Language typology and language universals. An international handbook, vol.1},
  publisher =	 {Walter de Gruyter},
  year =	 2001,
  editor =	 {M. Haspelmath},
  address =	 Berlin}
}

@article{tessler2019language,
  title={The language of generalization.},
  author={Tessler, Michael Henry and Goodman, Noah D},
  journal={Psychological Review},
  volume={126},
  number={3},
  pages={395},
  year={2019},
  publisher={American Psychological Association}
}

@article{scholler2017semantic,
  title={Semantic values as latent parameters: Testing a fixed threshold hypothesis for cardinal readings of few \& many},
  author={Sch{\"o}ller, Anthea and Franke, Michael},
  journal={Linguistics Vanguard},
  volume={3},
  number={1},
  year={2017},
  publisher={De Gruyter Mouton}
}

@article{barr2013,
	title={Random effects structure for confirmatory hypothesis testing: Keep it maximal. Journal of memory and language, 68(3), 10.1016/j.jml.2012.11.001. https://doi.org/10.1016/j.jml.2012.11.001},
	author={Barr, Dale J and Levy, Roger and Scheepers, Christoph and Tily, Harry J},
	journal={Journal of Memory and Language},
	volume={68},
	number={3},
	year={2013},
	publisher={Elsevier}
}

@article{Klein1980,
	title={A semantics for positive and comparative delition},
	author={Klein, Ewan},
	journal={Linguistics and Philosophy},
	volume={4},
	number={1},
	pages={1-46},
	year={1980},
	publisher={Springer} 
}

@article{vonStechow1984,
	author = {Stechow, Arnim von},
	title = "{Comparing semantic theories of comparison}",
	journal = {Journal of Semantics},
	volume = {3},
	number = {1-2},
	pages = {1-77},
	year = {1984},
	month = {04},
	issn = {0167-5133},
	doi = {10.1093/jos/3.1-2.1},
	url = {https://doi.org/10.1093/jos/3.1-2.1},
	eprint = {https://academic.oup.com/jos/article-pdf/3/1-2/1/9835673/1.pdf},
}

@article{bartsch1972,
	title={Semantic structures: a study in the relation between semantics and syntax},
	author={Bartsch, Renate and Vennemann, Theo},
	journal={Athen{\"a}um-Skripten Linguistik Bd},
	volume={9},
	year={1972}
}

@inproceedings{Heim2000,
	title={Degree operators and scope},
	author={Heim, Irene},
	booktitle={Semantics and linguistic theory},
	volume={10},
	pages={40--64},
	year={2000}
}

@book{mcnally2008,
	title={Adjectives and adverbs: Syntax, semantics, and discourse},
	author={McNally, Louise and Kennedy, Christopher},
	year={2008},
	publisher={Oxford University Press}
}

@book{hofherr2010adjectives,
	title={Adjectives: Formal analyses in syntax and semantics},
	author={Hofherr, P.C. and Matushansky, O.},
	isbn={9789027288349},
	lccn={2009053860},
	series={Linguistik Aktuell/Linguistics Today},
	year={2010},
	publisher={John Benjamins Publishing Company}
}

@InCollection{kennedy2012,
	title={Adjectives},
	booktitle={The Routledge Companion to Philosophy of Language},
	author={Kennedy, Christopher},
	editor={Fara, D.G. and Russell, G.},
	isbn={9780415993104},
	lccn={2011023340},
	series={Routledge philosophy companions},
	url={https://books.google.de/books?id=cV9LvekiKKAC},
	year={2012},
	publisher={Routledge}
}

@inproceedings{Aparicio2016,
	title={Processing gradable adjectives in context: A visual world study},
	author={Aparicio, Helena and Xiang, Ming and Kennedy, Christopher},
	booktitle={Semantics and Linguistic Theory},
	volume={25},
	pages={413--432},
	year={2016}
}

@article{sedivy1999,
	author = {Sedivy, J. C. and Tanenhaus, M. K. and Chambers, C. G. and Carlson, G. N.},
	title = {Achieving incremental semantic interpretation through contextual representation.},
	journal = {Cognition},
	volume = {71},
	number = {2},
	pages = {109-147},
	year = {1999},
	url = {https://doi.org/10.1016/s0010-0277(99)00025-6}
}
@inproceedings{tessler2020,
	title={Informational goals, sentence structure, and comparison class inference},
	author={Tessler, Michael Henry and Tsvilodub, Polina and Snedeker, Jesse and Levy, Roger P.},
	booktitle={42th Annual Meeting of the Cognitive Science Society},
	year={2020}
}
@article{sera1987,
	title={Big and little:“Nominal” and relative uses},
	author={Sera, Maria and Smith, Linda B},
	journal={Cognitive Development},
	volume={2},
	number={2},
	pages={89--111},
	year={1987},
	publisher={Elsevier}
}
@inproceedings{Qing2014,
	title={Gradable adjectives, vagueness, and optimal language use: A speaker-oriented model},
	author={Qing, Ciyang and Franke, Michael},
	booktitle={Semantics and linguistic theory},
	volume={24},
	pages={23--41},
	year={2014}
}
@article{lassiter2017adjectival,
	title={Adjectival vagueness in a Bayesian model of interpretation},
	author={Lassiter, Daniel and Goodman, Noah D},
	journal={Synthese},
	volume={194},
	number={10},
	pages={3801--3836},
	year={2017},
	publisher={Springer}
}
@article{goodman2016,
	title={Pragmatic language interpretation as probabilistic inference},
	author={Goodman, Noah D and Frank, Michael C},
	journal={Trends in cognitive sciences},
	volume={20},
	number={11},
	pages={818--829},
	year={2016},
	publisher={Elsevier}
}
@article{barner2008,
	title={Compositionality and statistics in adjective acquisition: 4-year-olds interpret tall and short based on the size distributions of novel noun referents},
	author={Barner, David and Snedeker, Jesse},
	journal={Child development},
	volume={79},
	number={3},
	pages={594--608},
	year={2008},
	publisher={Wiley Online Library}
}
@thesis{sinelnikova2020,
	author = {Sinelnikova, Anna},
	title = {Cues to Comparison Classes in Child-directed Language},
	type = {M. Eng. Thesis},
	institution = {Massachusetts Institute of Technology},
	date = {2020}
}
@article{rosch1976,
	title={Basic objects in natural categories},
	author={Rosch, Eleanor and Mervis, Carolyn B and Gray, Wayne D and Johnson, David M and Boyes-Braem, Penny},
	journal={Cognitive psychology},
	volume={8},
	number={3},
	pages={382--439},
	year={1976},
	publisher={Elsevier}
}
@book{cinque2010,
	title={The syntax of adjectives: A comparative study},
	author={Cinque, Guglielmo},
	volume={57},
	year={2010},
	publisher={MIT press}
}
@article{degen2020redundancy,
	title={When redundancy is useful: A Bayesian approach to “overinformative” referring expressions.},
	author={Degen, Judith and Hawkins, Robert D and Graf, Caroline and Kreiss, Elisa and Goodman, Noah D},
	journal={Psychological Review},
	year={2020},
	publisher={American Psychological Association}
}
@article{clifton1989ambiguity,
	title={Ambiguity in context},
	author={Clifton Jr, Charles and Ferreira, Fernanda},
	journal={Language and cognitive processes},
	volume={4},
	number={3-4},
	pages={SI77--SI103},
	year={1989},
	publisher={Taylor \& Francis}
}
@article{steedman1989ambiguity,
	title={Ambiguity in context: A reply},
	author={Steedman, Mark and Altmann, Gerry},
	journal={Language and cognitive processes},
	volume={4},
	number={3-4},
	pages={SI105--SI122},
	year={1989},
	publisher={Taylor \& Francis}
}

@article{syrett2010meaning,
	title={Meaning and context in children's understanding of gradable adjectives},
	author={Syrett, Kristen and Kennedy, Christopher and Lidz, Jeffrey},
	journal={Journal of semantics},
	volume={27},
	number={1},
	pages={1--35},
	year={2010},
	publisher={Oxford University Press}
}
@book{searle1969speech,
	title={Speech acts: An essay in the philosophy of language},
	author={Searle, John Rogers},
	volume={626},
	year={1969},
	publisher={Cambridge university press}
}

@inproceedings{KreissDegen2020, 
	title = {Production Expectations Modulate Contrastive Inference}, 
	author = {Kreiss, Elisa and Degen, Judith}, 
	booktitle = {Proceedings of the 42nd Annual Meeting of the Cognitive Science Society}, 
	keywords = {contrastive inference; RSA; typicality; incremental processing}, 
	volume = {42}, 
	year = {2020} 
}
@inproceedings{bergey2020, 
	title = {Children hear more about what is atypical than what is typical}, 
	author = {Bergey, Claire and Morris, Benjamin C. and Yurovsky, Daniel}, 
	booktitle = {Proceedings of the 42nd Annual Meeting of the Cognitive Science Society}, 
	volume = {42}, 
	year = {2020} 
}
@inproceedings{kaiser2020, 
	title = {Distinguishing Fact from Opinion: Effects of Linguistic Packaging}, 
	author = {Kaiser, Elsi and Wang, Catherine}, 
	booktitle = {Proceedings of the 42nd Annual Meeting of the Cognitive Science Society}, 
	volume = {42}, 
	year = {2020} 
}

@article{donnellan1966reference,
	title={Reference and definite descriptions},
	author={Donnellan, Keith S},
	journal={The philosophical review},
	pages={281--304},
	year={1966},
	publisher={JSTOR}
}
@article{chafe1976givenness,
	title={Givenness, contrastiveness, definiteness, subjects, topics, and point of view},
	author={Chafe, Wallace},
	journal={Subject and topic},
	year={1976},
	publisher={Academic Press}
}
@online{michaelson2019,
	ALTauthor = {Michaelson, Eliot and Reimer, Marga},
	title = {Reference. The Stanford Encyclopedia of Philosophy (Spring 2019 Edition)},
	editor={Zalta, Edward N. },
	date = {2019},
	url = {https://plato.stanford.edu/archives/spr2019/entries/reference/}
}
@online{braun2017,
	ALTauthor = {Braun, David},
	title = {Indexicals. The Stanford Encyclopedia of Philosophy (Summer 2017 Edition)},
	editor={Zalta, Edward N. },
	date = {2017},
	url = {https://plato.stanford.edu/archives/sum2017/entries/indexicals/}
}
@article{barker2002dynamics,
	title={The dynamics of vagueness},
	author={Barker, Chris},
	journal={Linguistics and philosophy},
	pages={1--36},
	year={2002},
	publisher={JSTOR}
}
@article{scontras2017subjectivity,
	title={Subjectivity predicts adjective ordering preferences},
	author={Scontras, Gregory and Degen, Judith and Goodman, Noah D},
	journal={Open Mind},
	volume={1},
	number={1},
	pages={53--66},
	year={2017},
	publisher={MIT Press}
}

@misc{Rteam2013,
	title={R: A language and environment for statistical computing},
	author={Team, R Core and others},
	year={2013},
	publisher={Vienna, Austria}
}
@article{burkner2017advanced,
	title={Advanced Bayesian multilevel modeling with the R package brms},
	author={B{\"u}rkner, Paul-Christian},
	journal={arXiv preprint arXiv:1705.11123},
	year={2017}
}
@book{kruschke2014doing,
	title={Doing Bayesian data analysis: A tutorial with R, JAGS, and Stan},
	author={Kruschke, John},
	year={2014},
	publisher={Academic Press}
}
@misc{powerKurz,
	author = {Kurz, Solomon},
	title = {Bayesian power analysis: Part III.b. What about 0/1 data?},
	url = {https://solomonkurz.netlify.app/post/bayesian-power-analysis-part-iii-b/}
}
@misc{problang,
	author = {Scontras, G. and Tessler, M. H. and Franke, M.},
	title = {Probabilistic language understanding: An introduction to the Rational Speech Act framework.},
	date = {2018},
	url = {https://www.problang.org}
}
@article{bolinger1967adjectives,
	title={Adjectives in English: attribution and predication},
	author={Bolinger, Dwight},
	journal={Lingua},
	volume={18},
	pages={1--34},
	year={1967},
	publisher={Elsevier}
}
@article{frank2012predicting,
	title={Predicting pragmatic reasoning in language games},
	author={Frank, Michael C and Goodman, Noah D},
	journal={Science},
	volume={336},
	number={6084},
	pages={998--998},
	year={2012},
	publisher={American Association for the Advancement of Science}
}
@article{tenenbaum2011grow,
	title={How to grow a mind: Statistics, structure, and abstraction},
	author={Tenenbaum, Joshua B and Kemp, Charles and Griffiths, Thomas L and Goodman, Noah D},
	journal={science},
	volume={331},
	number={6022},
	pages={1279--1285},
	year={2011},
	publisher={American Association for the Advancement of Science}
}
@incollection{grice1975logic,
	title={Logic and conversation},
	author={Grice, Herbert P},
	booktitle={Speech acts},
	pages={41--58},
	year={1975},
	publisher={Brill}
}
@misc{magpie,
	author = {Ilieva, Stela and Ji, Xiang and Rautenstrauch, Jannis and Franke, Michael},
	title = {Minimal architecture for the generation of portable interactive experiments},
	url = {https://magpie-ea.github.io/magpie-site/}
}
@incollection{montague1973proper,
	title={The proper treatment of quantification in ordinary English},
	author={Montague, Richard},
	booktitle={Approaches to natural language},
	pages={221--242},
	year={1973},
	publisher={Springer}
}
@inproceedings{lassiter2013context,
	title={Context, scale structure, and statistics in the interpretation of positive-form adjectives},
	author={Lassiter, Daniel and Goodman, Noah D},
	booktitle={Semantics and linguistic theory},
	volume={23},
	pages={587--610},
	year={2013}
}